[gd_scene load_steps=10 format=2]

[ext_resource path="res://Scripts/Level.gd" type="Script" id=1]
[ext_resource path="res://Tres/Tileset/terrain.tres" type="TileSet" id=2]
[ext_resource path="res://Scripts/Level/Key_Door.gd" type="Script" id=3]
[ext_resource path="res://Nodes/Area_action/Door.tscn" type="PackedScene" id=4]
[ext_resource path="res://Nodes/Area_action/Key.tscn" type="PackedScene" id=5]
[ext_resource path="res://Nodes/Main_Scene/Level_elemt/Timer.tscn" type="PackedScene" id=6]
[ext_resource path="res://Scripts/Level/Tempest.gd" type="Script" id=7]
[ext_resource path="res://Nodes/Main_Scene/Level_elemt/SCENE_LIMIT.tscn" type="PackedScene" id=8]
[ext_resource path="res://Nodes/Main_Scene/Level_elemt/Tempest_zone.tscn" type="PackedScene" id=9]

[node name="Level" type="Node2D"]
script = ExtResource( 1 )
key_delay = 5
key_delay_gold = 1.0

[node name="TileMap" type="TileMap" parent="."]
tile_set = ExtResource( 2 )
collision_layer = 31
format = 1
tile_data = PoolIntArray( -65529, 1, 0 )
__meta__ = {
"_edit_lock_": true
}

[node name="Trap" type="Node" parent="."]

[node name="Boost" type="Node" parent="."]

[node name="IceTrap" type="Node" parent="."]

[node name="Pad" type="Node" parent="."]

[node name="RESPAWN" type="Position2D" parent="."]
position = Vector2( 480, -192 )

[node name="Key_Door" type="Node" parent="."]
script = ExtResource( 3 )

[node name="Door" parent="Key_Door" instance=ExtResource( 4 )]
position = Vector2( 192, -96 )

[node name="Key" parent="Key_Door" instance=ExtResource( 5 )]
position = Vector2( 32, -288 )

[node name="Timer" parent="." instance=ExtResource( 6 )]

[node name="Sprites" type="Node" parent="."]

[node name="Items" type="Node" parent="."]

[node name="Tempest" type="Node" parent="."]
script = ExtResource( 7 )

[node name="SCENE_LIMIT" parent="Tempest" instance=ExtResource( 8 )]
margin_left = -1000.0
margin_top = -1200.0
margin_right = 1000.0
margin_bottom = 0.0
rect_min_size = Vector2( 1600, 1200 )

[node name="Zone" type="Node2D" parent="Tempest"]
z_index = 10

[node name="L" parent="Tempest/Zone" instance=ExtResource( 9 )]
rotation = 3.14159

[node name="R" parent="Tempest/Zone" instance=ExtResource( 9 )]

[node name="Helpers" type="Node" parent="."]

