[gd_scene load_steps=3 format=2]

[ext_resource path="res://Nodes/Main_Scene/Level.tscn" type="PackedScene" id=1]
[ext_resource path="res://Nodes/Area_action/Trap.tscn" type="PackedScene" id=2]

[node name="Level" index="0" instance=ExtResource( 1 )]

Impulse_gre_epic = true
key_delay = 28
key_delay_gold = 22.0

[node name="TileMap" parent="." index="0"]

tile_data = PoolIntArray( -851934, 5, 0, -786398, 5, 0, -720862, 5, 0, -655326, 5, 0, -589790, 5, 0, -524254, 5, 0, -458730, 5, 0, -458718, 5, 0, -393194, 5, 0, -393182, 5, 0, -327667, 8, 0, -327658, 5, 0, -327646, 5, 0, -262131, 5, 0, -262122, 5, 0, -262110, 5, 0, -196595, 5, 0, -196586, 5, 0, -196574, 5, 0, -131063, 2, 0, -131059, 5, 0, -131050, 5, 0, -131038, 5, 0, -65536, 8, 0, -65535, 7, 0, -65534, 7, 0, -65533, 7, 0, -65532, 7, 0, -65531, 7, 0, -65530, 7, 0, -65529, 7, 0, -65528, 7, 0, -65527, 7, 0, -65526, 7, 0, -65525, 7, 0, -65524, 7, 0, -65523, 7, 0, -65522, 7, 0, -65521, 7, 0, -65520, 7, 0, -65519, 7, 0, -65518, 7, 0, -65517, 7, 0, -65516, 7, 0, -65515, 7, 0, -65514, 7, 0, -65513, 7, 0, -65512, 7, 0, -65511, 7, 0, -65510, 7, 0, -65509, 7, 0, -65508, 7, 0, -65507, 7, 0, -65506, 7, 0, -65505, 7, 0, -65504, 7, 0, -65503, 7, 0, -65502, 7, 0, -65501, 7, 0, -65500, 7, 0, -65499, 7, 0, -65498, 6, 0 )

[node name="Trap" parent="Trap" index="0" instance=ExtResource( 2 )]

position = Vector2( 960, -96 )

[node name="Trap19" parent="Trap" index="1" instance=ExtResource( 2 )]

position = Vector2( 928, -128 )
rotation = 1.5708

[node name="Trap18" parent="Trap" index="2" instance=ExtResource( 2 )]

position = Vector2( 928, -256 )
rotation = 1.5708

[node name="Trap2" parent="Trap" index="3" instance=ExtResource( 2 )]

position = Vector2( 1088, -96 )

[node name="Trap3" parent="Trap" index="4" instance=ExtResource( 2 )]

position = Vector2( 1216, -96 )

[node name="Trap10" parent="Trap" index="5" instance=ExtResource( 2 )]

position = Vector2( 1344, -96 )

[node name="Trap4" parent="Trap" index="6" instance=ExtResource( 2 )]

position = Vector2( 1536, -96 )

[node name="Trap5" parent="Trap" index="7" instance=ExtResource( 2 )]

position = Vector2( 1664, -96 )

[node name="Trap6" parent="Trap" index="8" instance=ExtResource( 2 )]

position = Vector2( 1792, -96 )

[node name="Trap13" parent="Trap" index="9" instance=ExtResource( 2 )]

position = Vector2( 1920, -96 )

[node name="Trap14" parent="Trap" index="10" instance=ExtResource( 2 )]

position = Vector2( 2048, -96 )

[node name="Trap15" parent="Trap" index="11" instance=ExtResource( 2 )]

position = Vector2( 2176, -96 )

[node name="Trap11" parent="Trap" index="12" instance=ExtResource( 2 )]

position = Vector2( 2304, -96 )

[node name="Trap12" parent="Trap" index="13" instance=ExtResource( 2 )]

position = Vector2( 2432, -96 )

[node name="Trap8" parent="Trap" index="14" instance=ExtResource( 2 )]

position = Vector2( 1504, -384 )
rotation = 1.5708

[node name="Trap16" parent="Trap" index="15" instance=ExtResource( 2 )]

position = Vector2( 1504, -512 )
rotation = 1.5708

[node name="Trap17" parent="Trap" index="16" instance=ExtResource( 2 )]

position = Vector2( 1504, -640 )
rotation = 1.5708

[node name="Trap9" parent="Trap" index="17" instance=ExtResource( 2 )]

position = Vector2( 1504, -256 )
rotation = 1.5708

[node name="Trap7" parent="Trap" index="18" instance=ExtResource( 2 )]

position = Vector2( 1504, -129.507 )
rotation = 1.5708

[node name="RESPAWN" parent="." index="5"]

position = Vector2( 860, -510 )

[node name="Door" parent="Key_Door" index="0"]

position = Vector2( 864, -352 )

[node name="Key" parent="Key_Door" index="1"]

position = Vector2( 2336, -96 )

[node name="SCENE_LIMIT" parent="Tempest" index="0"]

margin_left = -384.0
margin_top = -1536.0
margin_right = 4640.0


